@article{gong2015advanced,
  title={Advanced wireless LAN technologies: IEEE 802.11 ac and beyond},
  author={Gong, Michelle X and Hart, Brian and Mao, Shiwen},
  journal={GetMobile: mobile computing and communications},
  volume={18},
  number={4},
  pages={48--52},
  year={2015},
  publisher={ACM}
}

@article{zou2016survey,
  title={A survey on wireless security: Technical challenges, recent advances, and future trends},
  author={Zou, Yulong and Zhu, Jia and Wang, Xianbin and Hanzo, Lajos},
  journal={Proceedings of the IEEE},
  pages={1--39},
  year={2016}
}
@inproceedings{lashkari2009survey,
  title={A survey on wireless security protocols (WEP, WPA and WPA2/802.11 i)},
  author={Lashkari, Arash Habibi and Danesh, Mir Mohammad Seyed and Samadi, Behrang},
  booktitle={Computer Science and Information Technology, 2009. ICCSIT 2009. 2nd IEEE International Conference on},
  pages={48--52},
  year={2009},
  organization={IEEE}
}
@article{macmichael2005auditing,
  title={Auditing wi-fi protected access (WPA) pre-shared key mode},
  author={MacMichael, John L},
  journal={Linux Journal},
  volume={2005},
  number={137},
  pages={2},
  year={2005},
  publisher={Belltown Media}
}
@inproceedings{akhlaq2007comparative,
  title={Comparative analysis of IEEE 802.1 x authentication methods},
  author={Akhlaq, Monis and Aslam, Baber and Khan, Muzammil A and Jafri, M Noman},
  booktitle={11th WSEAS International Conference on Communications},
  volume={11},
  pages={1--6},
  year={2007}
}
@inproceedings{florio2005eduroam,
  title={Eduroam, providing mobility for roaming users},
  author={Florio, Licia and Wierenga, Klaas},
  booktitle={Proceedings of the EUNIS 2005 Conference, Manchester},
  year={2005}
}      
@techreport{m2005hotp,
  title={Hotp: An hmac-based one-time password algorithm},
  author={M'Raihi, David and Bellare, Mihir and Hoornaert, Frank and Naccache, David and Ranen, Ohad},
  year={2005}
}
@inproceedings{Hallsteinsen2007Using,
  title={Using the mobile phone as a security token for unified authentication},
  author={Hallsteinsen, Steffen and Jorstad, Ivar and Thanh, Do Van},
  booktitle={International Conference on Systems & Networks Communications},
  pages={68},
  year={2007},
}
@article{Burch2016Time,
  title={Time-based one time password (totp) for network authentication},
  author={Burch, Lloyd Leon},
  year={2016},
}

@article{Lamport1981Password,
  title={Password authentication with insecure communication},
  author={Lamport, Leslie},
  journal={Communications of the Acm},
  volume={24},
  number={24},
  pages={770-772},
  year={1981},
}
@article{Yu2017EvoPass,
  title={EvoPass: evolvable graphical password against shoulder-surfing attacks ☆},
  author={Yu, Xingjie and Wang, Zhan and Li, Yingjiu and Li, Liang and Zhu, Wen Tao and Song, Li},
  journal={Computers & Security},
  volume={70},
  year={2017},
}
@inproceedings{Studer2010Mobile,
  title={Mobile user location-specific encryption (MULE): using your office as your password},
  author={Studer, Ahren and Perrig, Adrian},
  booktitle={ACM Conference on Wireless Network Security},
  pages={151-162},
  year={2010},
}
@article{Ryu2017Location,
  title={Location Authentication based on Wireless Access Point Information to Prevent Wormhole Attack in Samsung Pay},
  author={Ryu, G and Seo, C and Choi, D},
  journal={Advances in Electrical & Computer Engineering},
  volume={17},
  number={3},
  pages={71-76},
  year={2017},
}
@inproceedings{Liu2014An,
  title={An improved one-time password authentication scheme},
  author={Liu, Huiyi and Zhang, Yuegong},
  booktitle={IEEE International Conference on Communication Technology},
  pages={1-2-3-4-5},
  year={2014},
}

@article{Pinto2016Hash,
  title={Hash-Chain Based Authentication for IoT Devices and REST Web-Services},
  author={Pinto, António and Costa, Ricardo},
  year={2016},
}

@inproceedings{Liu2010Survey,
  title={Survey on Security Scheme and Attacking Methods of WPA/WPA2},
  author={Liu, Yonglei and Jin, Zhigang and Wang, Ying},
  booktitle={International Conference on Wireless Communications NETWORKING and Mobile Computing},
  pages={1-4},
  year={2010},
}

@inproceedings{Chen2015The,
  title={The Cryptanalysis of WPA & WPA2 in the Rule-Based Brute Force Attack, an Advanced and Efficient Method},
  author={Chen, Chia Mei and Chang, Tien Ho},
  booktitle={Information Security},
  pages={37-41},
  year={2015},
}

@inproceedings{Nakhila2015Parallel,
  title={Parallel active dictionary attack on WPA2-PSK Wi-Fi networks},
  author={Nakhila, Omar and Attiah, Afraa and Jinz, Yier and Zoux, Cliff},
  booktitle={Military Communications Conference, Milcom 2015 -},
  pages={665-670},
  year={2015},
}

@article{morris1979password,
  title={Password security: A case history},
  author={Morris, Robert and Thompson, Ken},
  journal={Communications of the ACM},
  volume={22},
  number={11},
  pages={594--597},
  year={1979},
  publisher={ACM}
}

@inproceedings{Davis2004On,
  title={On User Choice in Graphical Password Schemes},
  author={Davis, Darren and Monrose, Fabian and Reiter, Michael K.},
  booktitle={Conference on Usenix Security Symposium},
  year={2004},
}

@article{Park2003WLAN,
  title={WLAN security: Current and future},
  author={Park, J. S. and Dicoi, D.},
  journal={IEEE Internet Computing},
  volume={7},
  number={5},
  pages={60-65},
  year={2003},
}

@inproceedings{Gu2011Research,
  title={Research on WLAN security technology based on IEEE 802.11},
  author={Gu, Jiantao and Ji, Zhao and Wei, Li},
  booktitle={International Conference on Advanced Computer Control},
  year={2011},
}

@article{Ó2007Deploying,
  title={Deploying authorisation mechanisms for federated services in eduroam (DAMe)},
  author={Óscar Cánovas and López, Gabriel and Sánchez, Manuel and Schmidt, Thomas C. and Gómez‐Skarmeta, Antonio F.},
  journal={Internet Research},
  volume={17},
  number={5},
  pages={479-494},
  year={2007},
}

@article{Lenczner2005Wireless,
  title={Wireless portals with wifidog},
  author={Lenczner and Michael},
  journal={Linux Journal},
  volume={2005},
  number={140},
  pages={8},
  year={2005},
}

@inproceedings{Afia2007Comparative,
  title={Comparative analysis of IEEE 802.1x authentication methods},
  author={Afia, Abdellatif El and Benchakroun, Abdelhamid and Dussault, Jean Pierre},
  booktitle={Conference on Wseas International Conference on Communications},
  year={2007},
}
